[gd_scene load_steps=25 format=2]

[ext_resource path="res://Scripts/MainCharacter.gd" type="Script" id=1]
[ext_resource path="res://Assets/Characters/Sprite/02 - Char moving#9.png" type="Texture" id=2]
[ext_resource path="res://Assets/Characters/Sprite/02 - Char moving#11.png" type="Texture" id=3]
[ext_resource path="res://Assets/Characters/Sprite/02 - Char moving#10.png" type="Texture" id=4]
[ext_resource path="res://Assets/Characters/Sprite/05 - Char sliding#4.png" type="Texture" id=5]
[ext_resource path="res://Assets/Characters/Sprite/05 - Char sliding#3.png" type="Texture" id=6]
[ext_resource path="res://Assets/Characters/Sprite/05 - Char sliding#2.png" type="Texture" id=7]
[ext_resource path="res://Assets/Characters/Sprite/04 - Char landing#2.png" type="Texture" id=8]
[ext_resource path="res://Assets/Characters/Sprite/05 - Char sliding#1.png" type="Texture" id=9]
[ext_resource path="res://Assets/Characters/Sprite/02 - Char moving#3.png" type="Texture" id=10]
[ext_resource path="res://Assets/Characters/Sprite/02 - Char moving#8.png" type="Texture" id=11]
[ext_resource path="res://Assets/Characters/Sprite/02 - Char moving#1.png" type="Texture" id=12]
[ext_resource path="res://Assets/Characters/Sprite/02 - Char moving#2.png" type="Texture" id=13]
[ext_resource path="res://Assets/Characters/Sprite/02 - Char moving#4.png" type="Texture" id=14]
[ext_resource path="res://Assets/Characters/Sprite/02 - Char moving#5.png" type="Texture" id=15]
[ext_resource path="res://Assets/Characters/Sprite/02 - Char moving#6.png" type="Texture" id=16]
[ext_resource path="res://Assets/Characters/Sprite/02 - Char moving#7.png" type="Texture" id=17]
[ext_resource path="res://Assets/Characters/Sprite/04 - Char landing#1.png" type="Texture" id=18]
[ext_resource path="res://Assets/Characters/Sprite/03 - Char jumping#1.png" type="Texture" id=19]
[ext_resource path="res://Assets/Characters/Sprite/03 - Char jumping#2.png" type="Texture" id=20]
[ext_resource path="res://Assets/Characters/Sprite/03 - Char jumping#3.png" type="Texture" id=21]
[ext_resource path="res://Assets/Characters/Sprite/03 - Char jumping#4.png" type="Texture" id=22]

[sub_resource type="RectangleShape2D" id=1]

custom_solver_bias = 0.0
extents = Vector2( 20.9608, 32 )
_sections_unfolded = [ "Resource" ]

[sub_resource type="SpriteFrames" id=2]

animations = [ {
"frames": [ ExtResource( 2 ), ExtResource( 3 ) ],
"loop": true,
"name": "move_up",
"speed": 3.0
}, {
"frames": [ ExtResource( 2 ), ExtResource( 4 ) ],
"loop": true,
"name": "move_down",
"speed": 3.0
}, {
"frames": [ ExtResource( 5 ), ExtResource( 6 ), ExtResource( 7 ), ExtResource( 8 ), ExtResource( 9 ), ExtResource( 9 ), ExtResource( 10 ), ExtResource( 11 ) ],
"loop": true,
"name": "sliding_up",
"speed": 15.0
}, {
"frames": [ ExtResource( 12 ), ExtResource( 13 ), ExtResource( 10 ), ExtResource( 14 ), ExtResource( 15 ), ExtResource( 16 ), ExtResource( 17 ), ExtResource( 11 ) ],
"loop": true,
"name": "running",
"speed": 8.0
}, {
"frames": [ ExtResource( 18 ), ExtResource( 8 ) ],
"loop": true,
"name": "jumping_down",
"speed": 5.0
}, {
"frames": [ ExtResource( 19 ), ExtResource( 20 ), ExtResource( 21 ), ExtResource( 22 ) ],
"loop": false,
"name": "jumping_up",
"speed": 5.0
}, {
"frames": [ ExtResource( 9 ), ExtResource( 7 ), ExtResource( 6 ), ExtResource( 5 ) ],
"loop": false,
"name": "sliding_down",
"speed": 5.0
}, {
"frames": [ ExtResource( 18 ), ExtResource( 8 ) ],
"loop": true,
"name": "knockback",
"speed": 11.0
} ]

[node name="MainCharacter" type="KinematicBody2D" index="0"]

position = Vector2( 272.383, 235.437 )
input_pickable = false
collision_layer = 1
collision_mask = 4
collision/safe_margin = 0.08
script = ExtResource( 1 )
_sections_unfolded = [ "Collision" ]
__meta__ = {
"_edit_group_": true
}
speed = 600
distance = 80
jump_duration = 0.8
jumping_delay = 0.1
slide_duration = 0.3
sliding_delay = 0.05
fly_duration = 10
speedup_speed = 10
speedup_time = 2
knockback_time = 1
invincibility_time = 2
knockback_speed = 50

[node name="MainCharacterShape" type="CollisionShape2D" parent="." index="0"]

shape = SubResource( 1 )
_sections_unfolded = [ "Transform" ]

[node name="KnockbackTimer" type="Timer" parent="." index="1"]

process_mode = 1
wait_time = 1.0
one_shot = true
autostart = false

[node name="InvincibilityTimer" type="Timer" parent="." index="2"]

process_mode = 1
wait_time = 1.0
one_shot = false
autostart = false

[node name="JumpingDelayTimer" type="Timer" parent="." index="3"]

process_mode = 1
wait_time = 1.0
one_shot = false
autostart = false

[node name="JumpingTimer" type="Timer" parent="." index="4"]

process_mode = 1
wait_time = 1.0
one_shot = false
autostart = false

[node name="SlideDelayTimer" type="Timer" parent="." index="5"]

process_mode = 1
wait_time = 1.0
one_shot = false
autostart = false

[node name="SlideTimer" type="Timer" parent="." index="6"]

process_mode = 1
wait_time = 1.0
one_shot = false
autostart = false

[node name="SpeedupTimer" type="Timer" parent="." index="7"]

process_mode = 1
wait_time = 1.0
one_shot = false
autostart = false

[node name="MainCharacterSprite" type="AnimatedSprite" parent="." index="8"]

position = Vector2( 0, -65 )
scale = Vector2( 0.08, 0.08 )
z_index = 2
frames = SubResource( 2 )
animation = "sliding_down"
frame = 3
_sections_unfolded = [ "Transform", "Z Index" ]

[node name="FlyAwayTimer" type="Timer" parent="." index="9"]

process_mode = 1
wait_time = 1.0
one_shot = false
autostart = false

[connection signal="timeout" from="KnockbackTimer" to="." method="_on_KnockbackTimer_timeout"]

[connection signal="timeout" from="InvincibilityTimer" to="." method="_on_InvincibilityTimer_timeout"]

[connection signal="timeout" from="JumpingDelayTimer" to="." method="_on_JumpingDelayTimer_timeout"]

[connection signal="timeout" from="JumpingTimer" to="." method="_on_JumpingTimer_timeout"]

[connection signal="timeout" from="SlideDelayTimer" to="." method="_on_SlideDelayTimer_timeout"]

[connection signal="timeout" from="SlideTimer" to="." method="_on_SlideTimer_timeout"]

[connection signal="animation_finished" from="MainCharacterSprite" to="." method="_on_MainCharacterSprite_animation_finished"]

[connection signal="timeout" from="FlyAwayTimer" to="." method="_on_FlyAwayTimer_timeout"]


